%YAML 1.1
%TAG !u! tag:unity3d.com,2011:
--- !u!1 &537413284
GameObject:
  m_ObjectHideFlags: 0
  m_CorrespondingSourceObject: {fileID: 0}
  m_PrefabInstance: {fileID: 0}
  m_PrefabAsset: {fileID: 0}
  serializedVersion: 6
  m_Component:
  - component: {fileID: 537413285}
  - component: {fileID: 537413286}
  - component: {fileID: 537413287}
  - component: {fileID: 537413288}
  m_Layer: 3
  m_Name: Hitbox
  m_TagString: Skill
  m_Icon: {fileID: 0}
  m_NavMeshLayer: 0
  m_StaticEditorFlags: 0
  m_IsActive: 0
--- !u!4 &537413285
Transform:
  m_ObjectHideFlags: 0
  m_CorrespondingSourceObject: {fileID: 0}
  m_PrefabInstance: {fileID: 0}
  m_PrefabAsset: {fileID: 0}
  m_GameObject: {fileID: 537413284}
  m_LocalRotation: {x: 0, y: 0, z: 0, w: 1}
  m_LocalPosition: {x: 0, y: 0, z: 0}
  m_LocalScale: {x: 1, y: 1, z: 1}
  m_Children: []
  m_Father: {fileID: 4793452871419555974}
  m_RootOrder: 0
  m_LocalEulerAnglesHint: {x: 0, y: 0, z: 0}
--- !u!61 &537413286
BoxCollider2D:
  m_ObjectHideFlags: 0
  m_CorrespondingSourceObject: {fileID: 0}
  m_PrefabInstance: {fileID: 0}
  m_PrefabAsset: {fileID: 0}
  m_GameObject: {fileID: 537413284}
  m_Enabled: 1
  m_Density: 1
  m_Material: {fileID: 0}
  m_IsTrigger: 1
  m_UsedByEffector: 0
  m_UsedByComposite: 0
  m_Offset: {x: 0.4330998, y: -0.107230246}
  m_SpriteTilingProperty:
    border: {x: 0, y: 0, z: 0, w: 0}
    pivot: {x: 0, y: 0}
    oldSize: {x: 0, y: 0}
    newSize: {x: 0, y: 0}
    adaptiveTilingThreshold: 0
    drawMode: 0
    adaptiveTiling: 0
  m_AutoTiling: 0
  serializedVersion: 2
  m_Size: {x: 0.2888776, y: 0.7163589}
  m_EdgeRadius: 0
--- !u!50 &537413287
Rigidbody2D:
  serializedVersion: 4
  m_ObjectHideFlags: 0
  m_CorrespondingSourceObject: {fileID: 0}
  m_PrefabInstance: {fileID: 0}
  m_PrefabAsset: {fileID: 0}
  m_GameObject: {fileID: 537413284}
  m_BodyType: 1
  m_Simulated: 1
  m_UseFullKinematicContacts: 0
  m_UseAutoMass: 0
  m_Mass: 1
  m_LinearDrag: 0
  m_AngularDrag: 0.05
  m_GravityScale: 1
  m_Material: {fileID: 0}
  m_Interpolate: 0
  m_SleepingMode: 1
  m_CollisionDetection: 0
  m_Constraints: 0
--- !u!114 &537413288
MonoBehaviour:
  m_ObjectHideFlags: 0
  m_CorrespondingSourceObject: {fileID: 0}
  m_PrefabInstance: {fileID: 0}
  m_PrefabAsset: {fileID: 0}
  m_GameObject: {fileID: 537413284}
  m_Enabled: 1
  m_EditorHideFlags: 0
  m_Script: {fileID: 11500000, guid: af08dbb4c386f3644b10e9f3155b7692, type: 3}
  m_Name: 
  m_EditorClassIdentifier: 
  skill: {fileID: 11400000, guid: 79332ec16fd9e6642a156ee20f2787f2, type: 2}
--- !u!1 &4793452871419555972
GameObject:
  m_ObjectHideFlags: 0
  m_CorrespondingSourceObject: {fileID: 0}
  m_PrefabInstance: {fileID: 0}
  m_PrefabAsset: {fileID: 0}
  serializedVersion: 6
  m_Component:
  - component: {fileID: 4793452871419555974}
  - component: {fileID: 4793452871419555975}
  - component: {fileID: 4793452871419555969}
  - component: {fileID: 4793452871419555968}
  - component: {fileID: 4793452871419555970}
  - component: {fileID: 4793452871419555971}
  - component: {fileID: 4793452871419556029}
  - component: {fileID: 4793452871419556028}
  - component: {fileID: 7166722474465492463}
  - component: {fileID: 196590960}
  - component: {fileID: 196590961}
  m_Layer: 3
  m_Name: Player
  m_TagString: Player
  m_Icon: {fileID: 0}
  m_NavMeshLayer: 0
  m_StaticEditorFlags: 0
  m_IsActive: 1
--- !u!4 &4793452871419555974
Transform:
  m_ObjectHideFlags: 0
  m_CorrespondingSourceObject: {fileID: 0}
  m_PrefabInstance: {fileID: 0}
  m_PrefabAsset: {fileID: 0}
  m_GameObject: {fileID: 4793452871419555972}
  m_LocalRotation: {x: 0, y: 0, z: 0, w: 1}
  m_LocalPosition: {x: -2.12, y: 0.05, z: -0.011168975}
  m_LocalScale: {x: 2, y: 2, z: 1}
  m_Children:
  - {fileID: 537413285}
  m_Father: {fileID: 0}
  m_RootOrder: 0
  m_LocalEulerAnglesHint: {x: 0, y: 0, z: 0}
--- !u!95 &4793452871419555975
Animator:
  serializedVersion: 3
  m_ObjectHideFlags: 0
  m_CorrespondingSourceObject: {fileID: 0}
  m_PrefabInstance: {fileID: 0}
  m_PrefabAsset: {fileID: 0}
  m_GameObject: {fileID: 4793452871419555972}
  m_Enabled: 1
  m_Avatar: {fileID: 0}
  m_Controller: {fileID: 9100000, guid: 3f12d2d8db70f1944a0e6a95c2284606, type: 2}
  m_CullingMode: 0
  m_UpdateMode: 0
  m_ApplyRootMotion: 0
  m_LinearVelocityBlending: 0
  m_WarningMessage: 
  m_HasTransformHierarchy: 1
  m_AllowConstantClipSamplingOptimization: 1
  m_KeepAnimatorControllerStateOnDisable: 0
--- !u!212 &4793452871419555969
SpriteRenderer:
  m_ObjectHideFlags: 0
  m_CorrespondingSourceObject: {fileID: 0}
  m_PrefabInstance: {fileID: 0}
  m_PrefabAsset: {fileID: 0}
  m_GameObject: {fileID: 4793452871419555972}
  m_Enabled: 1
  m_CastShadows: 0
  m_ReceiveShadows: 0
  m_DynamicOccludee: 1
  m_MotionVectors: 1
  m_LightProbeUsage: 1
  m_ReflectionProbeUsage: 1
  m_RayTracingMode: 0
  m_RayTraceProcedural: 0
  m_RenderingLayerMask: 1
  m_RendererPriority: 0
  m_Materials:
  - {fileID: 10754, guid: 0000000000000000f000000000000000, type: 0}
  m_StaticBatchInfo:
    firstSubMesh: 0
    subMeshCount: 0
  m_StaticBatchRoot: {fileID: 0}
  m_ProbeAnchor: {fileID: 0}
  m_LightProbeVolumeOverride: {fileID: 0}
  m_ScaleInLightmap: 1
  m_ReceiveGI: 1
  m_PreserveUVs: 0
  m_IgnoreNormalsForChartDetection: 0
  m_ImportantGI: 0
  m_StitchLightmapSeams: 1
  m_SelectedEditorRenderState: 0
  m_MinimumChartSize: 4
  m_AutoUVMaxDistance: 0.5
  m_AutoUVMaxAngle: 89
  m_LightmapParameters: {fileID: 0}
  m_SortingLayerID: 0
  m_SortingLayer: 0
  m_SortingOrder: 0
  m_Sprite: {fileID: 4723107735738678597, guid: 8106936abaae7f04193e23e8a3ae20cb, type: 3}
  m_Color: {r: 1, g: 1, b: 1, a: 1}
  m_FlipX: 0
  m_FlipY: 0
  m_DrawMode: 0
  m_Size: {x: 1, y: 0.8}
  m_AdaptiveModeThreshold: 0.5
  m_SpriteTileMode: 0
  m_WasSpriteAssigned: 1
  m_MaskInteraction: 0
  m_SpriteSortPoint: 0
--- !u!114 &4793452871419555968
MonoBehaviour:
  m_ObjectHideFlags: 0
  m_CorrespondingSourceObject: {fileID: 0}
  m_PrefabInstance: {fileID: 0}
  m_PrefabAsset: {fileID: 0}
  m_GameObject: {fileID: 4793452871419555972}
  m_Enabled: 1
  m_EditorHideFlags: 0
  m_Script: {fileID: 11500000, guid: 24cbda6555bdf2f43b52170671b9fe1c, type: 3}
  m_Name: 
  m_EditorClassIdentifier: 
  animator: {fileID: 4793452871419555975}
--- !u!114 &4793452871419555970
MonoBehaviour:
  m_ObjectHideFlags: 0
  m_CorrespondingSourceObject: {fileID: 0}
  m_PrefabInstance: {fileID: 0}
  m_PrefabAsset: {fileID: 0}
  m_GameObject: {fileID: 4793452871419555972}
  m_Enabled: 1
  m_EditorHideFlags: 0
  m_Script: {fileID: 11500000, guid: a2375109ca46dd2439c98b8aedc84189, type: 3}
  m_Name: 
  m_EditorClassIdentifier: 
  point1: {fileID: 0}
  hitBox: {fileID: 537413285}
  detectionRange: 5
  enemyLayer:
    serializedVersion: 2
    m_Bits: 64
  arrowPrefab: {fileID: 6799984128639208150, guid: e30f3a21016c79c489941f77dcf7a5af, type: 3}
--- !u!50 &4793452871419555971
Rigidbody2D:
  serializedVersion: 4
  m_ObjectHideFlags: 0
  m_CorrespondingSourceObject: {fileID: 0}
  m_PrefabInstance: {fileID: 0}
  m_PrefabAsset: {fileID: 0}
  m_GameObject: {fileID: 4793452871419555972}
  m_BodyType: 0
  m_Simulated: 1
  m_UseFullKinematicContacts: 0
  m_UseAutoMass: 0
  m_Mass: 1
  m_LinearDrag: 0
  m_AngularDrag: 0.05
  m_GravityScale: 1
  m_Material: {fileID: 0}
  m_Interpolate: 0
  m_SleepingMode: 1
  m_CollisionDetection: 1
  m_Constraints: 4
--- !u!114 &4793452871419556029
MonoBehaviour:
  m_ObjectHideFlags: 0
  m_CorrespondingSourceObject: {fileID: 0}
  m_PrefabInstance: {fileID: 0}
  m_PrefabAsset: {fileID: 0}
  m_GameObject: {fileID: 4793452871419555972}
  m_Enabled: 1
  m_EditorHideFlags: 0
  m_Script: {fileID: 11500000, guid: c1c57266873d9f54a8ec575ca8c5f4c2, type: 3}
  m_Name: 
  m_EditorClassIdentifier: 
  speed: 5
  movement: {x: 0, y: 0, z: 0}
  turnLeft: 0
  horizontalInput: 0
  jumpHeight: 5
  rb: {fileID: 4793452871419555971}
--- !u!60 &4793452871419556028
PolygonCollider2D:
  m_ObjectHideFlags: 0
  m_CorrespondingSourceObject: {fileID: 0}
  m_PrefabInstance: {fileID: 0}
  m_PrefabAsset: {fileID: 0}
  m_GameObject: {fileID: 4793452871419555972}
  m_Enabled: 1
  m_Density: 1
  m_Material: {fileID: 0}
  m_IsTrigger: 1
  m_UsedByEffector: 0
  m_UsedByComposite: 0
  m_Offset: {x: 0, y: 0}
  m_SpriteTilingProperty:
    border: {x: 0, y: 0, z: 0, w: 0}
    pivot: {x: 0.5, y: 0.5}
    oldSize: {x: 0.56, y: 0.8}
    newSize: {x: 1, y: 0.8}
    adaptiveTilingThreshold: 0.5
    drawMode: 0
    adaptiveTiling: 0
  m_AutoTiling: 0
  m_Points:
    m_Paths:
    - - {x: 0.24850482, y: 0.018169977}
      - {x: 0.25449687, y: 0.085676275}
      - {x: 0.24755797, y: 0.15597372}
      - {x: 0.24158424, y: 0.17076829}
      - {x: 0.10167186, y: 0.26666102}
      - {x: -0.020850122, y: 0.27709377}
      - {x: -0.19117069, y: 0.2376065}
      - {x: -0.24252954, y: 0.16830865}
      - {x: -0.26235765, y: 0.06631392}
      - {x: -0.25734615, y: -0.044051893}
      - {x: -0.20401263, y: -0.08991565}
      - {x: -0.15106666, y: -0.10404789}
      - {x: -0.18412033, y: -0.2309361}
      - {x: -0.1899926, y: -0.23274803}
      - {x: -0.05845177, y: -0.3443625}
      - {x: -0.053250745, y: -0.39948985}
      - {x: -0.0065416098, y: -0.40551302}
      - {x: 0.06394887, y: -0.40023}
      - {x: 0.09778336, y: -0.3990939}
      - {x: 0.123066306, y: -0.3295166}
      - {x: 0.16414845, y: -0.32919297}
      - {x: 0.19253129, y: -0.28672063}
      - {x: 0.22, y: -0.21}
      - {x: 0.21224588, y: -0.18655229}
      - {x: 0.20354936, y: -0.11330632}
      - {x: 0.19639236, y: -0.066931315}
      - {x: 0.245455, y: 0.023168482}
--- !u!114 &7166722474465492463
MonoBehaviour:
  m_ObjectHideFlags: 0
  m_CorrespondingSourceObject: {fileID: 0}
  m_PrefabInstance: {fileID: 0}
  m_PrefabAsset: {fileID: 0}
  m_GameObject: {fileID: 4793452871419555972}
  m_Enabled: 1
  m_EditorHideFlags: 0
  m_Script: {fileID: 11500000, guid: 12817c0667356c346a79afac44b92d03, type: 3}
  m_Name: 
  m_EditorClassIdentifier: 
  sliderHp: {fileID: 0}
  sliderMp: {fileID: 0}
  sliderExp: {fileID: 0}
  currentLevel: 1
  MaxHpPlayer: 0
  MaxMpPlayer: 0
  MaxExpLevel: 0
  m_currentHp: 0
  m_currentMp: 0
  m_currentExp: 0
  m_int: 10
  m_agi: 5
  m_str: 5
  m_attackDmg: 0
  m_magicDmg: 0
  m_def: 0
  playerModel: {fileID: -5806545045214064920, guid: e97ba4d41d7769244908ebe653d51718, type: 3}
--- !u!61 &196590960
BoxCollider2D:
  m_ObjectHideFlags: 0
  m_CorrespondingSourceObject: {fileID: 0}
  m_PrefabInstance: {fileID: 0}
  m_PrefabAsset: {fileID: 0}
  m_GameObject: {fileID: 4793452871419555972}
  m_Enabled: 1
  m_Density: 1
  m_Material: {fileID: 0}
  m_IsTrigger: 0
  m_UsedByEffector: 0
  m_UsedByComposite: 0
  m_Offset: {x: 0.02542901, y: -0.34737664}
  m_SpriteTilingProperty:
    border: {x: 0, y: 0, z: 0, w: 0}
    pivot: {x: 0.5, y: 0.5}
    oldSize: {x: 0.56, y: 0.8}
    newSize: {x: 1, y: 0.8}
    adaptiveTilingThreshold: 0.5
    drawMode: 0
    adaptiveTiling: 0
  m_AutoTiling: 0
  serializedVersion: 2
  m_Size: {x: 0.21823454, y: 0.12532294}
  m_EdgeRadius: 0
--- !u!114 &196590961
MonoBehaviour:
  m_ObjectHideFlags: 0
  m_CorrespondingSourceObject: {fileID: 0}
  m_PrefabInstance: {fileID: 0}
  m_PrefabAsset: {fileID: 0}
  m_GameObject: {fileID: 4793452871419555972}
  m_Enabled: 1
  m_EditorHideFlags: 0
  m_Script: {fileID: 11500000, guid: 0862f012f460ebf4388ad61f6b977bf1, type: 3}
  m_Name: 
  m_EditorClassIdentifier: 
